% Citations

@article{goldsmith2013theoretical,
  title={Theoretical limits of hydrogen storage in metal--organic frameworks: opportunities and trade-offs},
  author={Goldsmith, Jacob and Wong-Foy, Antek G and Cafarella, Michael J and Siegel, Donald J},
  journal={Chemistry of Materials},
  volume={25},
  number={16},
  pages={3373--3382},
  year={2013},
  publisher={ACS Publications}
}

@article{ahmed2021predicting,
  title={Predicting hydrogen storage in MOFs via machine learning},
  author={Ahmed, Alauddin and Siegel, Donald J},
  journal={Patterns},
  volume={2},
  number={7},
  pages={100291},
  year={2021},
  publisher={Elsevier}
}


@article{coudert2008thermodynamics,
  title={Thermodynamics of guest-induced structural transitions in hybrid organic- inorganic frameworks},
  author={Coudert, Fran{\c{c}}ois-Xavier and Jeffroy, Marie and Fuchs, Alain H and Boutin, Anne and Mellot-Draznieks, Caroline},
  journal={Journal of the American Chemical Society},
  volume={130},
  number={43},
  pages={14294--14302},
  year={2008},
  publisher={ACS Publications}
}

@article{diercks2017atom,
  title={The atom, the molecule, and the covalent organic framework},
  author={Diercks, Christian S and Yaghi, Omar M},
  journal={Science},
  volume={355},
  number={6328},
  year={2017},
  pages={923--931},
  publisher={American Association for the Advancement of Science}
}


@article{witman2019,
author = {Witman, Matthew and Wright, Bradley and Smit, Berend},
title = {Simulating Enhanced Methane Deliverable Capacity of Guest Responsive Pores in Intrinsically Flexible MOFs},
journal = {The Journal of Physical Chemistry Letters},
volume = {10},
number = {19},
pages = {5929-5934},
year = {2019},
doi = {10.1021/acs.jpclett.9b02449},
    note ={PMID: 31532681},

URL = { 
        https://doi.org/10.1021/acs.jpclett.9b02449
    
},
eprint = { 
        https://doi.org/10.1021/acs.jpclett.9b02449
    
}

}



@misc{arpaemove,
  title={MOVE (Methane Opportunities for Vehicular Energy) Program Overview},
  author={Advanced Research Projects Agency- Energy (ARPA-E)},
  year={2012},
  howpublished={\url{https://arpa-e.energy.gov/sites/default/files/documents/files/MOVE_ProgramOverview.pdf}}
}

@article{furukawa2013chemistry,
  title={The chemistry and applications of metal-organic frameworks},
  author={Furukawa, Hiroyasu and Cordova, Kyle E and O’Keeffe, Michael and Yaghi, Omar M},
  journal={Science},
  volume={341},
  number={6149},
  pages={1230444},
  year={2013},
  publisher={American Association for the Advancement of Science}
}

@article{gomez2017understanding,
  title={Understanding volumetric and gravimetric hydrogen adsorption trade-off in metal--organic frameworks},
  author={G{\'o}mez-Gualdr{\'o}n, Diego A and Wang, Timothy C and Garc{\'\i}a-Holley, Paula and Sawelewa, Ruth M and Argueta, Edwin and Snurr, Randall Q and Hupp, Joseph T and Yildirim, Taner and Farha, Omar K},
  journal={ACS applied materials \& interfaces},
  volume={9},
  number={39},
  pages={33419--33428},
  year={2017},
  publisher={ACS Publications}
}


@article{mason2014evaluating,
  title={Evaluating metal--organic frameworks for natural gas storage},
  author={Mason, Jarad A and Veenstra, Mike and Long, Jeffrey R},
  journal={Chemical Science},
  volume={5},
  number={1},
  pages={32--51},
  year={2014},
  publisher={Royal Society of Chemistry}
}

@article{kaija2018high,
  title={High-pressure methane adsorption in porous Lennard-Jones crystals},
  author={Kaija, Alec R and Wilmer, Christopher E},
  journal={The Journal of Physical Chemistry Letters},
  volume={9},
  number={15},
  pages={4275--4281},
  year={2018},
  publisher={ACS Publications}
}

@article{garcia2018benchmark,
  title={Benchmark study of hydrogen storage in metal--organic frameworks under temperature and pressure swing conditions},
  author={Garc{\'\i}a-Holley, Paula and Schweitzer, Benjamin and Islamoglu, Timur and Liu, Yangyang and Lin, Lu and Rodriguez, Stephanie and Weston, Mitchell H and Hupp, Joseph T and G{\'o}mez-Gualdr{\'o}n, Diego A and Yildirim, Taner and others},
  journal={ACS Energy Letters},
  volume={3},
  number={3},
  pages={748--754},
  year={2018},
  publisher={ACS Publications}
}

@article{farha2012metal,
  title={Metal--organic framework materials with ultrahigh surface areas: is the sky the limit?},
  author={Farha, Omar K and Eryazici, Ibrahim and Jeong, Nak Cheon and Hauser, Brad G and Wilmer, Christopher E and Sarjeant, Amy A and Snurr, Randall Q and Nguyen, SonBinh T and Yazayd{\i}n, A Özg\"ur and Hupp, Joseph T},
  journal={Journal of the American Chemical Society},
  volume={134},
  number={36},
  pages={15016--15021},
  year={2012},
  publisher={ACS Publications}
}

@article{osborn2011methane,
  title={Methane contamination of drinking water accompanying gas-well drilling and hydraulic fracturing},
  author={Osborn, Stephen G and Vengosh, Avner and Warner, Nathaniel R and Jackson, Robert B},
  journal={proceedings of the National Academy of Sciences},
  volume={108},
  number={20},
  pages={8172--8176},
  year={2011},
  publisher={National Acad Sciences}
}

@article{suh2011hydrogen,
  title={Hydrogen storage in metal--organic frameworks},
  author={Suh, Myunghyun Paik and Park, Hye Jeong and Prasad, Thazhe Kootteri and Lim, Dae-Woon},
  journal={Chemical Reviews},
  volume={112},
  number={2},
  pages={782--835},
  year={2011},
  publisher={ACS Publications}
}

@article{hasan2009minimizing,
  title={Minimizing boil-off losses in liquefied natural gas transportation},
  author={Hasan, MM Faruque and Zheng, Alfred Minghan and Karimi, IA},
  journal={Industrial \& Engineering Chemistry Research},
  volume={48},
  number={21},
  pages={9571--9580},
  year={2009},
  publisher={ACS Publications}
}

@article{bossel2003energy,
  title={Energy and the hydrogen economy},
  author={Bossel, Ulf and Eliasson, Baldur},
  journal={Alternative Fuels Data Center, US DOE},
  year={2003}
}

@article{makal2012methane,
  title={Methane storage in advanced porous materials},
  author={Makal, Trevor A and Li, Jian-Rong and Lu, Weigang and Zhou, Hong-Cai},
  journal={Chemical Society Reviews},
  volume={41},
  number={23},
  pages={7761--7779},
  year={2012},
  publisher={Royal Society of Chemistry}
}

@article{crabtree2004hydrogen,
  title={The hydrogen economy},
  author={Crabtree, George W and Dresselhaus, Mildred S and Buchanan, Michelle V},
  journal={Physics Today},
  volume={57},
  number={12},
  pages={39--44},
  year={2004},
  publisher={American Institute of Physics}
}

@techreport{wang2000full,
  title={A full fuel-cycle analysis of energy and emissions impacts of transportation fuels produced from natural gas},
  author={Wang, Michael Q and Huang, Hann S},
  year={2000},
  institution={Argonne National Lab., IL (US)},
  url={https://publications.anl.gov/anlpubs/2000/01/34988.pdf}
}

@article{sorrell2010global,
  title={Global oil depletion: A review of the evidence},
  author={Sorrell, Steve and Speirs, Jamie and Bentley, Roger and Brandt, Adam and Miller, Richard},
  journal={Energy Policy},
  volume={38},
  number={9},
  pages={5290--5295},
  year={2010},
  publisher={Elsevier}
}

@article{mason2015methane,
  title={Methane storage in flexible metal--organic frameworks with intrinsic thermal management},
  author={Mason, Jarad A and Oktawiec, Julia and Taylor, Mercedes K and Hudson, Matthew R and Rodriguez, Julien and Bachman, Jonathan E and Gonzalez, Miguel I and Cervellino, Antonio and Guagliardi, Antonietta and Brown, Craig M and Llewellyn, Philip and Masciocchi, Norberto and Long, Jeffrey},
  journal={Nature},
  volume={527},
  number={7578},
  pages={357--361},
  year={2015},
  publisher={Nature Research}
}

@article{allendorf2018assessment,
  title={An assessment of strategies for the development of solid-state adsorbents for vehicular hydrogen storage},
  author={Allendorf, Mark D and Hulvey, Zeric and Gennett, Thomas and Ahmed, Alauddin and Autrey, Tom and Camp, Jeffrey and Cho, Eun Seon and Furukawa, Hiroyasu and Haranczyk, Maciej and Head-Gordon, Martin and others},
  journal={Energy \& Environmental Science},
  volume={11},
  number={10},
  pages={2784--2812},
  year={2018},
  publisher={Royal Society of Chemistry}
}

@misc{eia2013much,
  title={How much carbon dioxide is produced when different fuels are burned?},
  url={https://www.eia.gov/tools/faqs/faq.php?id=73&t=11},
  author={Energy Information Administration, USA},
  year={2018}
}


@misc{h2targetsDOE,
  title={DOE Technical Targets for Onboard Hydrogen Storage for Light-Duty Vehicles},
  url={https://www.energy.gov/eere/fuelcells/doe-technical-targets-onboard-hydrogen-storage-light-duty-vehicles},
  author={DOE OFFICE of ENERGY EFFICIENCY \& RENEWABLE ENERGY},
  year={2019}
}

@article{mcglade2015geographical,
  title={The geographical distribution of fossil fuels unused when limiting global warming to 2 $^\circ$C},
  author={McGlade, Christophe and Ekins, Paul},
  journal={Nature},
  volume={517},
  number={7533},
  pages={187},
  year={2015},
  publisher={Nature Publishing Group}
}

@techreport{davis2009transportation,
  title={Transportation energy data book},
  author={Davis, Stacy C and Diegel, Susan W and Boundy, Robert G},
  year={2009},
  institution={Oak Ridge National Laboratory},
  url={https://info.ornl.gov/sites/publications/files/pub31202.pdf}
}

@article{caiazzo2013air,
  title={Air pollution and early deaths in the United States. Part I: Quantifying the impact of major sectors in 2005},
  author={Caiazzo, Fabio and Ashok, Akshay and Waitz, Ian A and Yim, Steve HL and Barrett, Steven RH},
  journal={Atmospheric Environment},
  volume={79},
  pages={198--208},
  year={2013},
  publisher={Elsevier}
}

@article {alvarez2012greater,
	author = {Alvarez, Ram{\'o}n A. and Pacala, Stephen W. and Winebrake, James J. and Chameides, William L. and Hamburg, Steven P.},
	title = {Greater focus needed on methane leakage from natural gas infrastructure},
	volume = {109},
	number = {17},
	pages = {6435--6440},
	year = {2012},
	doi = {10.1073/pnas.1202407109},
	publisher = {National Academy of Sciences},
	issn = {0027-8424},
	URL = {https://www.pnas.org/content/109/17/6435},
	eprint = {https://www.pnas.org/content/109/17/6435.full.pdf},
	journal = {Proceedings of the National Academy of Sciences}
}

@article{schoedel2016role,
  title={The role of metal--organic frameworks in a carbon-neutral energy cycle},
  author={Schoedel, Alexander and Ji, Zhe and Yaghi, Omar M},
  journal={Nature Energy},
  volume={1},
  number={4},
  pages={16034},
  year={2016},
  publisher={Nature Publishing Group}
}

@article{chui1999chemically,
  title={A chemically functionalizable nanoporous material [Cu$_3$(TMA)$_2$(H$_2$O)$_3$]$_n$},
  author={Chui, Stephen S-Y and Lo, Samuel M-F and Charmant, Jonathan PH and Orpen, A Guy and Williams, Ian D},
  journal={Science},
  volume={283},
  number={5405},
  pages={1148--1150},
  year={1999},
  publisher={American Association for the Advancement of Science}
}

@article{schneemann2014flexible,
  title={Flexible metal--organic frameworks},
  author={Schneemann, Andreas and Bon, Volodymyr and Schwedler, Inke and Senkovska, Irena and Kaskel, Stefan and Fischer, Roland A},
  journal={Chemical Society Reviews},
  volume={43},
  number={16},
  pages={6062--6096},
  year={2014},
  publisher={Royal Society of Chemistry}
}

@misc{useia,
  title={What are U.S. energy-related carbon dioxide emissions by source and sector?},
  author={US Energy Information Administration},
  year={2018},
  howpublished={\url{https://www.eia.gov/tools/faqs/faq.php?id=75&t=11}}
}

@article{Tong2018,
  doi = {10.1021/acs.jpcc.8b04742},
  url = {https://doi.org/10.1021/acs.jpcc.8b04742},
  year = {2018},
  month = may,
  publisher = {American Chemical Society ({ACS})},
  volume = {122},
  number = {24},
  pages = {13009--13016},
  author = {Minman Tong and Youshi Lan and Zhenglong Qin and Chongli Zhong},
  title = {Computation-Ready,  Experimental Covalent Organic Framework for Methane Delivery: Screening and Material Design},
  journal = {The Journal of Physical Chemistry C}
}

@article{gomez2014exploring,
  title={Exploring the limits of methane storage and delivery in nanoporous materials},
  author={G\'omez-Gualdr\'on, Diego A and Wilmer, Christopher E and Farha, Omar K and Hupp, Joseph T and Snurr, Randall Q},
  journal={The Journal of Physical Chemistry C},
  volume={118},
  number={13},
  pages={6941--6951},
  year={2014},
  publisher={ACS Publications}
}

@misc{usnatgassupply,
  title={Natural gas explained: Where our natural gas comes from},
  author={US Energy Information Administration},
  year={2019},
  howpublished={\url{https://www.eia.gov/energyexplained/natural-gas/where-our-natural-gas-comes-from.php}}
}

@InBook{DOE,
  editor =       {},
  title =        {{DOE. Multi-Year Research, Development, and Demonstration Plan}},
  chapter =      {},
  publisher =    {U.S. Department of Energy (DOE): Washington, DC},
  year =         {retrieved 2019},
  OPTkey =       {},
  OPTvolume =    {},
  OPTnumber =    {},
  OPTseries =    {},
  OPTtype =      {},
  OPTaddress =   {},
  OPTedition =   {},
  OPTmonth =     {},
  OPTpages =     {},
  note =         {},
  OPTannote =    {}
}

@article{lee2019predicting,
  title={Predicting performance limits of methane gas storage in zeolites with an artificial neural network},
  author={Lee, Sangwon and Kim, Baekjun and Kim, Jihan},
  journal={Journal of Materials Chemistry A},
  volume={7},
  number={6},
  pages={2709--2716},
  year={2019},
  publisher={Royal Society of Chemistry}
}

@article{matranga1992storage,
  title={Storage of natural gas by adsorption on activated carbon},
  author={Matranga, Kimberly R and Myers, Alan L and Glandt, Eduardo D},
  journal={Chemical Engineering Science},
  volume={47},
  number={7},
  pages={1569--1579},
  year={1992},
  publisher={Elsevier}
}

@article{bhatia2006optimum,
  title={Optimum conditions for adsorptive storage},
  author={Bhatia, Suresh K and Myers, Alan L},
  journal={Langmuir},
  volume={22},
  number={4},
  pages={1688--1700},
  year={2006},
  publisher={ACS Publications}
}

@article{simon2015materials,
  title={The materials genome in action: identifying the performance limits for methane storage},
  author={Simon, Cory M and Kim, Jihan and G\'omez-Gualdr\'on, Diego A and Camp, Jeffrey S and Chung, Yongchul G and Martin, Richard L and Mercado, Rocio and Deem, Michael W and Gunter, Dan and Haranczyk, Maciej and David S. Sholl and Randall Q. Snurr and Berend Smit},
  journal={Energy \& Environmental Science},
  volume={8},
  number={4},
  pages={1190--1199},
  year={2015},
  publisher={Royal Society of Chemistry}
}

@article{chang1996behavior,
  title={Behavior and performance of adsorptive natural gas storage cylinders during discharge},
  author={Chang, KJ and Talu, Orhan},
  journal={Applied Thermal Engineering},
  volume={16},
  number={5},
  pages={359},
  year={1996}
}

@article{mota1997dynamics,
  title={Dynamics of natural gas adsorption storage systems employing activated carbon},
  author={Mota, JP Barbosa and Rodrigues, AE and Saatdjian, E and Tondeur, D},
  journal={Carbon},
  volume={35},
  number={9},
  pages={1259--1270},
  year={1997},
  publisher={Elsevier}
}

@article{simon2014optimizing,
  title={Optimizing nanoporous materials for gas storage},
  author={Simon, Cory M and Kim, Jihan and Lin, Li-Chiang and Martin, Richard L and Haranczyk, Maciej and Smit, Berend},
  journal={Physical Chemistry Chemical Physics},
  volume={16},
  number={12},
  pages={5499--5513},
  year={2014},
  publisher={Royal Society of Chemistry}
}

@article{gomez2017impact,
  title={Impact of the strength and spatial distribution of adsorption sites on methane deliverable capacity in nanoporous materials},
  author={G\'omez-Gualdr\'on, Diego A and Simon, Cory M and Lassman, William and Chen, David and Martin, Richard L and Haranczyk, Maciej and Farha, Omar K and Smit, Berend and Snurr, Randall Q},
  journal={Chemical Engineering Science},
  volume={159},
  pages={18--30},
  year={2017},
  publisher={Elsevier}
}

@article{bhown2011analysis,
  title={Analysis and status of post-combustion carbon dioxide capture technologies},
  author={Bhown, Abhoyjit S and Freeman, Brice C},
  journal={Environmental science \& technology},
  volume={45},
  number={20},
  pages={8624--8632},
  year={2011},
  publisher={ACS Publications}
}

@article{sircar2002pressure,
  title={Pressure swing adsorption},
  author={Sircar, Shivaji},
  journal={Industrial \& engineering chemistry research},
  volume={41},
  number={6},
  pages={1389--1392},
  year={2002},
  publisher={ACS Publications}
}
@InBook{nist,
  editor =    {Linstrom, P. J. and Mallard, W. G.},
  author = {Lemmon, EW and McLinden, MO and Friend, DG},
  title =        {{NIST Chemistry WebBook, NIST Standard Reference Database Number 69}},
  chapter =      {Thermophysical Properties of Fluid Systems},
  publisher =    {National Institute of Standards and Technology, Gaithersburg MD, 20899},
  year =         {retrieved 2019},
  OPTkey =       {},
  OPTvolume =    {},
  OPTnumber =    {},
  OPTseries =    {},
  OPTtype =      {},
  OPTaddress =   {},
  OPTedition =   {},
  OPTmonth =     {},
  OPTpages =     {},
  note =      {http://webbook.nist.gov},
  OPTannote =    {}
}
@article{witman2017influence,
  title={The influence of intrinsic framework flexibility on adsorption in nanoporous materials},
  author={Witman, Matthew and Ling, Sanliang and Jawahery, Sudi and Boyd, Peter G and Haranczyk, Maciej and Slater, Ben and Smit, Berend},
  journal={Journal of the American Chemical Society},
  volume={139},
  number={15},
  pages={5547--5557},
  year={2017},
  publisher={ACS Publications}
}
@article{choi2008broadly,
  title={Broadly hysteretic H2 adsorption in the microporous metal- organic framework Co (1, 4-benzenedipyrazolate)},
  author={Choi, Hye Jin and Dinca, Mircea and Long, Jeffrey R},
  journal={Journal of the American Chemical Society},
  volume={130},
  number={25},
  pages={7848--7850},
  year={2008},
  publisher={ACS Publications}
}

@article{sim2014gas,
  title={Gas adsorption properties of highly porous metal--organic frameworks containing functionalized naphthalene dicarboxylate linkers},
  author={Sim, Jaeung and Yim, Haneul and Ko, Nakeun and Choi, Sang Beom and Oh, Youjin and Park, Hye Jeong and Park, SangYoun and Kim, Jaheon},
  journal={Dalton Transactions},
  volume={43},
  number={48},
  pages={18017--18024},
  year={2014},
  publisher={Royal Society of Chemistry}
}

@article{steele1974interaction,
  title={The interaction of gases with solid surfaces},
  author={Steele, William A},
  year={1974},
  publisher={Pergamon}
}
@article{sircar1999isosteric,
  title={Isosteric heat of adsorption: theory and experiment},
  author={Sircar, S and Mohr, R and Ristic, C and Rao, MB},
  journal={The Journal of Physical Chemistry B},
  volume={103},
  number={31},
  pages={6539--6546},
  year={1999},
  publisher={ACS Publications}
}
@article{sircar1999heat,
  title={Heat of adsorption of pure gas and multicomponent gas mixtures on microporous adsorbents},
  author={Sircar, S and Rao, MB},
  journal={Surfactant science series},
  volume={78},
  pages={501--528},
  year={1999},
  publisher={Dekker}
}
@techreport{young1962physical,
  title={Physical adsorption of gases},
  author={Young, David Matheson and Crowell, Albert Dary},
  year={1962},
  institution={Butterworths,}
}
@article{askalany2015derivation,
  title={Derivation of isosteric heat of adsorption for non-ideal gases},
  author={Askalany, Ahmed A and Saha, Bidyut B},
  journal={International Journal of Heat and Mass Transfer},
  volume={89},
  pages={186--192},
  year={2015},
  publisher={Elsevier}
}
@article{yang1997adsorption,
  title={Adsorption of normal hexane in silicalite-1: an isosteric approach},
  author={Yang, Yiwen and Rees, Lovat VC},
  journal={Microporous materials},
  volume={12},
  number={1-3},
  pages={117--122},
  year={1997},
  publisher={Elsevier}
}
@book{rudzinski2012adsorption,
  title={Adsorption of gases on heterogeneous surfaces},
  author={Rudzinski, Wladyslaw and Everett, Douglas Hugh},
  year={2012},
  publisher={Academic Press}
}

@article{sturluson2019role,
  title={The role of molecular modeling \& simulation in the discovery and deployment of metal-organic frameworks for gas storage and separation},
  author={Sturluson, Arni and Huynh, Melanie T and Kaija, Alec and Laird, Caleb and Yoon, Sunghyun and Hou, Feier and Feng, Zhenxing and Wilmer, Christopher E and Col{\'o}n, Yamil J and Chung, Yongchul G and others},
  year={2019},
  publisher={ChemRxiv}
}
@article{patil2016noria,
  title={Noria: A Highly Xe-Selective Nanoporous Organic Solid},
  author={Patil, Rahul S and Banerjee, Debasis and Simon, Cory M and Atwood, Jerry L and Thallapally, Praveen K},
  journal={Chemistry--A European Journal},
  volume={22},
  number={36},
  pages={12618--12623},
  year={2016},
  publisher={Wiley Online Library}
}
@article{banerjee2016metal,
  title={Metal--organic framework with optimally selective xenon adsorption and separation},
  author={Banerjee, Debasis and Simon, Cory M and Plonka, Anna M and Motkuri, Radha K and Liu, Jian and Chen, Xianyin and Smit, Berend and Parise, John B and Haranczyk, Maciej and Thallapally, Praveen K},
  journal={Nature communications},
  volume={7},
  pages={ncomms11831},
  year={2016},
  publisher={Nature Publishing Group}
}
@article{mulfort2007chemical,
  title={Chemical reduction of metal- organic framework materials as a method to enhance gas uptake and binding},
  author={Mulfort, Karen L and Hupp, Joseph T},
  journal={Journal of the American Chemical Society},
  volume={129},
  number={31},
  pages={9604--9605},
  year={2007},
  publisher={ACS Publications}
}
@article{bae2010optimal,
  title={Optimal isosteric heat of adsorption for hydrogen storage and delivery using metal--organic frameworks},
  author={Bae, Youn-Sang and Snurr, Randall Q},
  journal={Microporous and Mesoporous Materials},
  volume={132},
  number={1-2},
  pages={300--303},
  year={2010},
  publisher={Elsevier}
}
@article{song2015nbo,
  title={A NbO-type metal--organic framework exhibiting high deliverable capacity for methane storage},
  author={Song, Chengling and Ling, Yajing and Feng, Yunlong and Zhou, Wei and Yildirim, Taner and He, Yabing},
  journal={Chemical Communications},
  volume={51},
  number={40},
  pages={8508--8511},
  year={2015},
  publisher={Royal Society of Chemistry}
}
@article{lee2005gas,
  title={Gas sorption properties of microporous metal organic frameworks},
  author={Lee, JeongYong and Li, Jing and Jagiello, Jacek},
  journal={Journal of Solid State Chemistry},
  volume={178},
  number={8},
  pages={2527--2532},
  year={2005},
  publisher={Elsevier}
}
@article{geier2013selective,
  title={Selective adsorption of ethylene over ethane and propylene over propane in the metal--organic frameworks M 2 (dobdc)(M= Mg, Mn, Fe, Co, Ni, Zn)},
  author={Geier, Stephen J and Mason, Jarad A and Bloch, Eric D and Queen, Wendy L and Hudson, Matthew R and Brown, Craig M and Long, Jeffrey R},
  journal={Chemical Science},
  volume={4},
  number={5},
  pages={2054--2061},
  year={2013},
  publisher={Royal Society of Chemistry}
}
@article{parrillo1993characterization,
  title={Characterization of acidity in H-ZSM-5, H-ZSM-12, H-Mordenite, and HY using microcalorimetry},
  author={Parrillo, DJ and Gorte, RJ},
  journal={The Journal of Physical Chemistry},
  volume={97},
  number={34},
  pages={8786--8792},
  year={1993},
  publisher={ACS Publications}
}
% Literature Review Begin
@article{sircar1985excess,
  title={Excess properties and thermodynamics of multicomponent gas adsorption},
  author={Sircar, Shivaji},
  journal={Journal of the Chemical Society, Faraday Transactions 1: Physical Chemistry in Condensed Phases},
  volume={81},
  number={7},
  pages={1527--1540},
  year={1985},
  publisher={Royal Society of Chemistry}
}
@article{pan1998examination,
  title={Examination of the approximations used in determining the isosteric heat of adsorption from the Clausius- Clapeyron equation},
  author={Pan, Huanhua and Ritter, James A and Balbuena, Perla B},
  journal={Langmuir},
  volume={14},
  number={21},
  pages={6323--6327},
  year={1998},
  publisher={ACS Publications}
}
@article{myers2002adsorption,
  title={Adsorption in porous materials at high pressure: theory and experiment},
  author={Myers, AL and Monson, PA},
  journal={Langmuir},
  volume={18},
  number={26},
  pages={10261--10273},
  year={2002},
  publisher={ACS Publications}
}
@article{tian2017differential,
  title={Differential heat of adsorption and isosteres},
  author={Tian, Yun and Wu, Jianzhong},
  journal={Langmuir},
  volume={33},
  number={4},
  pages={996--1003},
  year={2017},
  publisher={ACS Publications}
}
@article{sircar2005heat,
  title={Heat of adsorption on heterogeneous adsorbents},
  author={Sircar, Shivaji},
  journal={Applied surface science},
  volume={252},
  number={3},
  pages={647--653},
  year={2005},
  publisher={Elsevier}
}
@article{dunne1996calorimetric,
  title={Calorimetric heats of adsorption and adsorption isotherms. 1. O2, N2, Ar, CO2, CH4, C2H6, and SF6 on silicalite},
  author={Dunne, JA and Mariwala, R and Rao, M and Sircar, S and Gorte, RJ and Myers, AL},
  journal={Langmuir},
  volume={12},
  number={24},
  pages={5888--5895},
  year={1996},
  publisher={ACS Publications}
}
@article{cao2001heats,
  title={Heats of adsorption of pure SF6 and CO2 on silicalite pellets with alumina binder},
  author={Cao, DV and Sircar, S},
  journal={Industrial \& engineering chemistry research},
  volume={40},
  number={1},
  pages={156--162},
  year={2001},
  publisher={ACS Publications}
}
@article{talu2013net,
  title={Net adsorption of gas/vapor mixtures in microporous solids},
  author={Talu, Orhan},
  journal={The Journal of Physical Chemistry C},
  volume={117},
  number={25},
  pages={13059--13071},
  year={2013},
  publisher={ACS Publications}
}
@article{myers2014physical,
  title={Physical adsorption of gases: the case for absolute adsorption as the basis for thermodynamic analysis},
  author={Myers, Alan L and Monson, Peter A},
  journal={Adsorption},
  volume={20},
  number={4},
  pages={591--622},
  year={2014},
  publisher={Springer}
}
@article{brandani2017net,
  title={Net, excess and absolute adsorption in mixed gas adsorption},
  author={Brandani, Stefano and Mangano, Enzo and Luberti, Mauro},
  journal={Adsorption},
  volume={23},
  number={4},
  pages={569--576},
  year={2017},
  publisher={Springer}
}
@article{brandani2016net,
  title={Net, excess and absolute adsorption and adsorption of helium},
  author={Brandani, Stefano and Mangano, Enzo and Sarkisov, Lev},
  journal={Adsorption},
  volume={22},
  number={2},
  pages={261--276},
  year={2016},
  publisher={Springer}
}
@article{groen2003pore,
  title={Pore size determination in modified micro-and mesoporous materials. Pitfalls and limitations in gas adsorption data analysis},
  author={Groen, Johan C and Peffer, Louk AA and P{\'e}rez-Ram{\i}́rez, Javier},
  journal={Microporous and mesoporous materials},
  volume={60},
  number={1-3},
  pages={1--17},
  year={2003},
  publisher={Elsevier}
}
@article{furukawa2009storage,
  title={Storage of hydrogen, methane, and carbon dioxide in highly porous covalent organic frameworks for clean energy applications},
  author={Furukawa, Hiroyasu and Yaghi, Omar M},
  journal={Journal of the American Chemical Society},
  volume={131},
  number={25},
  pages={8875--8883},
  year={2009},
  publisher={ACS Publications}
}
@article{kumar2006quantum,
  title={Quantum effects on adsorption and diffusion of hydrogen and deuterium in microporous materials},
  author={Kumar, AV Anil and Jobic, Herve and Bhatia, Suresh K},
  journal={The Journal of Physical Chemistry B},
  volume={110},
  number={33},
  pages={16666--16671},
  year={2006},
  publisher={ACS Publications}
}
@article{duren2009using,
  title={Using molecular simulation to characterise metal--organic frameworks for adsorption applications},
  author={D{\"u}ren, Tina and Bae, Youn-Sang and Snurr, Randall Q},
  journal={Chemical Society Reviews},
  volume={38},
  number={5},
  pages={1237--1247},
  year={2009},
  publisher={Royal Society of Chemistry}
}
@article{firlej2013understanding,
  title={Understanding universal adsorption limits for hydrogen storage in nano porous systems},
  author={Firlej, Lucyna and Pfeifer, Peter and Kuchta, Bogdan},
  journal={Advanced Materials},
  volume={25},
  number={41},
  pages={5971--5974},
  year={2013},
  publisher={Wiley Online Library}
}
@article{tian2018sol,
  title={A sol--gel monolithic metal--organic framework with enhanced methane uptake},
  author={Tian, Tian and Zeng, Zhixin and Vulpe, Diana and Casco, Mirian E and Divitini, Giorgio and Midgley, Paul A and Silvestre-Albero, Joaquin and Tan, Jin-Chong and Moghadam, Peyman Z and Fairen-Jimenez, David},
  journal={Nature materials},
  volume={17},
  number={2},
  pages={174--179},
  year={2018},
  publisher={Nature Publishing Group}
}
@article{gandara2014high,
  title={High methane storage capacity in aluminum metal--organic frameworks},
  author={G{\'a}ndara, Felipe and Furukawa, Hiroyasu and Lee, Seungkyu and Yaghi, Omar M},
  journal={Journal of the American Chemical Society},
  volume={136},
  number={14},
  pages={5271--5274},
  year={2014},
  publisher={ACS Publications}
}
@article{zhang2017fine,
  title={Fine Tuning of MOF-505 Analogues To Reduce Low-Pressure Methane Uptake and Enhance Methane Working Capacity},
  author={Zhang, Mingxing and Zhou, Wei and Pham, Tony and Forrest, Katherine A and Liu, Wenlong and He, Yabing and Wu, Hui and Yildirim, Taner and Chen, Banglin and Space, Brian and others},
  journal={Angewandte Chemie},
  volume={129},
  number={38},
  pages={11584--11588},
  year={2017},
  publisher={Wiley Online Library}
}

@article{chen2020balancing,
  title={Balancing volumetric and gravimetric uptake in highly porous materials for clean energy},
  author={Chen, Zhijie and Li, Penghao and Anderson, Ryther and Wang, Xingjie and Zhang, Xuan and Robison, Lee and Redfern, Louis R and Moribe, Shinya and Islamoglu, Timur and G{\'o}mez-Gualdr{\'o}n, Diego A and others},
  journal={Science},
  volume={368},
  number={6488},
  pages={297--303},
  year={2020},
  publisher={American Association for the Advancement of Science}
}
@article{moosavi2020understanding,
  title={Understanding the diversity of the metal-organic framework ecosystem},
  author={Moosavi, Seyed Mohamad and Nandy, Aditya and Jablonka, Kevin Maik and Ongari, Daniele and Janet, Jon Paul and Boyd, Peter G and Lee, Yongjin and Smit, Berend and Kulik, Heather J},
  journal={Nature communications},
  volume={11},
  number={1},
  pages={1--10},
  year={2020},
  publisher={Nature Publishing Group}
}
@article{moghadam2018computer,
  title={Computer-aided discovery of a metal--organic framework with superior oxygen uptake},
  author={Moghadam, Peyman Z and Islamoglu, Timur and Goswami, Subhadip and Exley, Jason and Fantham, Marcus and Kaminski, Clemens F and Snurr, Randall Q and Farha, Omar K and Fairen-Jimenez, David},
  journal={Nature communications},
  volume={9},
  number={1},
  pages={1--8},
  year={2018},
  publisher={Nature Publishing Group}
}

@article{ahmed2019exceptional,
  title={Exceptional hydrogen storage achieved by screening nearly half a million metal-organic frameworks},
  author={Ahmed, Alauddin and Seth, Saona and Purewal, Justin and Wong-Foy, Antek G and Veenstra, Mike and Matzger, Adam J and Siegel, Donald J},
  journal={Nature communications},
  volume={10},
  number={1},
  pages={1--9},
  year={2019},
  publisher={Nature Publishing Group}
}
